%%%%%%%%%%%%%%%%%%%%%%%% Semantic Trajectory Mining %%%%%%%%%%%%%%%%%%%%%%%%

@article{alvares2007,
    author = {Luis Otavio Alvares and 
      Vania Bogorny and 
        Bart Kuijpers and 
        Bart Moelans and 
        Jose Antonio Fern and 
        Es De Macedo and 
        Andrey Tietbohl Palma},
    title = {Towards Semantic Trajectory Knowledge Discovery},
    journal={Data Mining and Knowledge Discovery},
    year = {2007}
}

@article{ParentSRAABDGMPTY13,
  author    = {Christine Parent and
               Stefano Spaccapietra and
               Chiara Renso and
               Gennady L. Andrienko and
               Natalia V. Andrienko and
               Vania Bogorny and
               Maria Luisa Damiani and
               Aris Gkoulalas-Divanis and
               Jos{\'e} Ant{\^o}nio Fernandes de Mac{\^e}do and
               Nikos Pelekis and
               Yannis Theodoridis and
               Zhixian Yan},
  title     = {Semantic trajectories modeling and analysis},
  journal   = {ACM Comput. Surv.},
  volume    = {45},
  number    = {4},
  year      = {2013},
  pages     = {42},
  ee        = {http://doi.acm.org/10.1145/2501654.2501656},
  bibsource = {DBLP, http://dblp.uni-trier.de}
}

@inproceedings{Josh11,
  author    = {Josh Jia-Ching Ying and
               Wang-Chien Lee and
               Tz-Chiao Weng and
               Vincent S. Tseng},
  title     = {Semantic trajectory mining for location prediction},
  booktitle = {GIS},
  year      = {2011},
  pages     = {34-43},
  ee        = {http://doi.acm.org/10.1145/2093973.2093980},
  crossref  = {DBLP:conf/gis/2011},
  bibsource = {DBLP, http://dblp.uni-trier.de}
}

@article{Yan2013,
 author = {Yan, Zhixian and Chakraborty, Dipanjan and Parent, Christine and Spaccapietra, Stefano and Aberer, Karl},
 title = {Semantic Trajectories: Mobility Data Computation and Annotation},
 journal = {ACM Trans. Intell. Syst. Technol.},
 volume = {4},
 number = {3},
 year = {2013},
 issn = {2157-6904},
 pages = {49:1--49:38},
} 


@inproceedings{YanCPSA11,
  author = {Yan, Zhixian and Chakraborty, Dipanjan and Parent, Christine and Spaccapietra, Stefano and Aberer, Karl},
  booktitle = {EDBT},
  pages = {259-270},
  title = {SeMiTri: a framework for semantic annotation of heterogeneous trajectories.},
  year = 2011
}

%%%%%%%%%%%%%%%%%%%%%%%% GPS Trajectory Mining %%%%%%%%%%%%%%%%%%%%%%%%

@inproceedings{ZhengZYS13,
  author    = {Kai Zheng and
               Yu Zheng and
               Nicholas Jing Yuan and
               Shuo Shang},
  title     = {On discovery of gathering patterns from trajectories},
  booktitle = {ICDE},
  year      = {2013},
  pages     = {242-253},
  ee        = {http://doi.ieeecomputersociety.org/10.1109/ICDE.2013.6544829},
  crossref  = {DBLP:conf/icde/2013},
  bibsource = {DBLP, http://dblp.uni-trier.de}
}

@inproceedings{YinCHLH11,
  author    = {Zhijun Yin and
               Liangliang Cao and
               Jiawei Han and
               Jiebo Luo and
               Thomas S. Huang},
  title     = {Diversified Trajectory Pattern Ranking in Geo-tagged Social Media},
  booktitle = {SDM},
  pages     = {980--991},
  year      = {2011},
  crossref  = {DBLP:conf/sdm/2011},
  url       = {http://dx.doi.org/10.1137/1.9781611972818.84},
  doi       = {10.1137/1.9781611972818.84},
  timestamp = {Wed, 12 Feb 2014 17:08:15 +0100},
  biburl    = {http://dblp.uni-trier.de/rec/bib/conf/sdm/YinCHLH11},
  bibsource = {dblp computer science bibliography, http://dblp.org}
}



@misc{4sqStats,
    howpublished = {\url{http://goo.gl/Y39Gm}}
}





@inproceedings{Zheng2009,
 author = {Zheng, Yu and Zhang, Lizhu and Xie, Xing and Ma, Wei-Ying},
 title = {Mining Interesting Locations and Travel Sequences from GPS Trajectories},
 booktitle = {WWW},
 pages = {791-800},
 year = {2009}
} 

@inproceedings{WangHLW04,
  author    = {Junmei Wang and
               Wynne Hsu and
               Mong-Li Lee and
               Jason Tsong-Li Wang},
  title     = {FlowMiner: Finding Flow Patterns in Spatio-Temporal Databases},
  booktitle = {ICTAI},
  year      = {2004},
  ee        = {http://doi.ieeecomputersociety.org/10.1109/ICTAI.2004.63},
  crossref  = {DBLP:conf/ictai/2004},
  bibsource = {DBLP, http://dblp.uni-trier.de}
}


@inproceedings{WangHL05,
  author    = {Junmei Wang and
               Wynne Hsu and
               Mong-Li Lee},
  title     = {Mining Generalized Spatio-Temporal Patterns},
  booktitle = {DASFAA},
  year      = {2005},
  pages     = {649-661},
  ee        = {http://dx.doi.org/10.1007/11408079_60},
  crossref  = {DBLP:conf/dasfaa/2005},
  bibsource = {DBLP, http://dblp.uni-trier.de}
}



%%%%%%%%%%%%%%%%%%%%%%%% Geographical topic discovery %%%%%%%%%%%%%%%%%%%%%%%%

@inproceedings{Sizov10,
  author    = {Sergej Sizov},
  title     = {GeoFolk: latent spatial semantics in web 2.0 social media},
  booktitle = {WSDM},
  pages     = {281--290},
  year      = {2010},
  crossref  = {DBLP:conf/wsdm/2010},
  url       = {http://doi.acm.org/10.1145/1718487.1718522},
  doi       = {10.1145/1718487.1718522},
  timestamp = {Tue, 12 Feb 2013 08:08:01 +0100},
  biburl    = {http://dblp.uni-trier.de/rec/bib/conf/wsdm/Sizov10},
  bibsource = {dblp computer science bibliography, http://dblp.org}
}

@inproceedings{KlingKSS14,
  author    = {Christoph Carl Kling and
               J{\'{e}}r{\^{o}}me Kunegis and
               Sergej Sizov and
               Steffen Staab},
  title     = {Detecting non-gaussian geographical topics in tagged photo collections},
  booktitle = {WSDM},
  pages     = {603--612},
  year      = {2014},
  crossref  = {DBLP:conf/wsdm/2014},
  url       = {http://doi.acm.org/10.1145/2556195.2556218},
  doi       = {10.1145/2556195.2556218},
  timestamp = {Thu, 06 Mar 2014 10:40:55 +0100},
  biburl    = {http://dblp.uni-trier.de/rec/bib/conf/wsdm/KlingKSS14},
  bibsource = {dblp computer science bibliography, http://dblp.org}
}

@inproceedings{YinCHZH11,
  author    = {Zhijun Yin and
               Liangliang Cao and
               Jiawei Han and
               Chengxiang Zhai and
               Thomas S. Huang},
  title     = {Geographical topic discovery and comparison},
  booktitle = {WWW},
  pages     = {247--256},
  year      = {2011},
  crossref  = {DBLP:conf/www/2011},
  url       = {http://doi.acm.org/10.1145/1963405.1963443},
  doi       = {10.1145/1963405.1963443},
  timestamp = {Mon, 04 Apr 2011 13:52:16 +0200},
  biburl    = {http://dblp.uni-trier.de/rec/bib/conf/www/YinCHZH11},
  bibsource = {dblp computer science bibliography, http://dblp.org}
}
